@article{rna_seq,
  title={RNA sequencing: the teenage years},
  author={Stark, Rory and Grzelak, Marta and Hadfield, James},
  journal={Nature Reviews Genetics},
  volume={20},
  number={11},
  pages={631--656},
  year={2019},
  publisher={Nature Publishing Group}
}

@article{rna_seq_comparison,
  title={Comparison of RNA-Seq and microarray gene expression platforms for the toxicogenomic evaluation of liver from short-term rat toxicity studies},
  author={Rao, Mohan S and Van Vleet, Terry R and Ciurlionis, Rita and Buck, Wayne R and Mittelstadt, Scott W and Blomme, Eric AG and Liguori, Michael J},
  journal={Frontiers in genetics},
  volume={9},
  pages={636},
  year={2019},
  publisher={Frontiers}
}

@article{scrna_seq,
  title={A practical guide to single-cell RNA-sequencing for biomedical research and clinical applications},
  author={Haque, Ashraful and Engel, Jessica and Teichmann, Sarah A and L{\"o}nnberg, Tapio},
  journal={Genome medicine},
  volume={9},
  number={1},
  pages={1--12},
  year={2017},
  publisher={BioMed Central}
}

@article{mouse_cells,
  title={Single-cell transcriptomics of the mouse kidney reveals potential cellular targets of kidney disease},
  author={Park, Jihwan and Shrestha, Rojesh and Qiu, Chengxiang and Kondo, Ayano and Huang, Shizheng and Werth, Max and Li, Mingyao and Barasch, Jonathan and Suszt{\'a}k, Katalin},
  journal={Science},
  volume={360},
  number={6390},
  pages={758--763},
  year={2018},
  publisher={American Association for the Advancement of Science}
}

@article{OSCA,
  title={Orchestrating single-cell analysis with Bioconductor},
  author={Amezquita, Robert A and Lun, Aaron TL and Becht, Etienne and Carey, Vince J and Carpp, Lindsay N and Geistlinger, Ludwig and Marini, Federico and Rue-Albrecht, Kevin and Risso, Davide and Soneson, Charlotte and others},
  journal={Nature methods},
  volume={17},
  number={2},
  pages={137--145},
  year={2020},
  publisher={Nature Publishing Group}
}

@article{scater,
    author = {Davis J. McCarthy and Kieran R. Campbell and Aaron T. L. Lun and Quin F. Willis},
    title = {Scater: pre-processing, quality control, normalisation and visualisation of single-cell {R}{N}{A}-seq data in {R}},
    journal = {Bioinformatics},
    year = {2017},
    volume = {33},
    issue = {8},
    pages = {1179-1186},
    doi = {10.1093/bioinformatics/btw777},
}
  
@article{singleR,
    author = {Dvir Aran and Agnieszka P. Looney and Leqian Liu and Esther Wu and Valerie Fong and Austin Hsu and Suzanna Chak and Ram P. Naikawadi and Paul J. Wolters and Adam R. Abate and Atul J. Butte and Mallar Bhattacharya},
    title = {Reference-based analysis of lung single-cell sequencing reveals a transitional profibrotic macrophage},
    journal = {Nat. Immunol.},
    year = {2019},
    volume = {20},
    pages = {163-172},
    doi = {10.1038/s41590-018-0276-y},
}

@article{brain_organoids,
  title={Individual brain organoids reproducibly form cell diversity of the human cerebral cortex},
  author={Velasco, Silvia and Kedaigle, Amanda J and Simmons, Sean K and Nash, Allison and Rocha, Marina and Quadrato, Giorgia and Paulsen, Bruna and Nguyen, Lan and Adiconis, Xian and Regev, Aviv and others},
  journal={Nature},
  volume={570},
  number={7762},
  pages={523--527},
  year={2019},
  publisher={Nature Publishing Group}
}

@article{eisar,
  title={Analysis of intronic and exonic reads in RNA-seq data characterizes transcriptional and post-transcriptional regulation},
  author={Gaidatzis, Dimos and Burger, Lukas and Florescu, Maria and Stadler, Michael B},
  journal={Nature biotechnology},
  volume={33},
  number={7},
  pages={722--729},
  year={2015},
  publisher={Nature Publishing Group}
}

@article{edger,
  title={edgeR: a Bioconductor package for differential expression analysis of digital gene expression data},
  author={Robinson, Mark D and McCarthy, Davis J and Smyth, Gordon K},
  journal={Bioinformatics},
  volume={26},
  number={1},
  pages={139--140},
  year={2010},
  publisher={Oxford University Press}
}

@article{alevin,
  title={Alevin efficiently estimates accurate gene abundances from dscRNA-seq data},
  author={Srivastava, Avi and Malik, Laraib and Smith, Tom and Sudbery, Ian and Patro, Rob},
  journal={Genome biology},
  volume={20},
  number={1},
  pages={1--16},
  year={2019},
  publisher={Springer}
}

@article{alevin_fry,
  title={Alevin-fry unlocks rapid, accurate and memory-frugal quantification of single-cell RNA-seq data},
  author={He, Dongze and Zakeri, Mohsen and Sarkar, Hirak and Soneson, Charlotte and Srivastava, Avi and Patro, Rob},
  journal={Nature Methods},
  volume={19},
  number={3},
  pages={316--322},
  year={2022},
  publisher={Nature Publishing Group}
}

@article{mapping1,
  title={Identifying suitable tools for variant detection and differential gene expression using RNA-seq data},
  author={Dharshini, S Akila Parvathy and Taguchi, Y-H and Gromiha, M Michael},
  journal={Genomics},
  volume={112},
  number={3},
  pages={2166--2172},
  year={2020},
  publisher={Elsevier}
}

@article{mapping2,
  title={A new machine learning-based framework for mapping uncertainty analysis in RNA-Seq read alignment and gene expression estimation},
  author={McDermaid, Adam and Chen, Xin and Zhang, Yiran and Wang, Cankun and Gu, Shaopeng and Xie, Juan and Ma, Qin},
  journal={Frontiers in genetics},
  volume={9},
  pages={313},
  year={2018},
  publisher={Frontiers}
}

@article{rna_velo,
  title={RNA velocity of single cells},
  author={La Manno, Gioele and Soldatov, Ruslan and Zeisel, Amit and Braun, Emelie and Hochgerner, Hannah and Petukhov, Viktor and Lidschreiber, Katja and Kastriti, Maria E and L{\"o}nnerberg, Peter and Furlan, Alessandro and others},
  journal={Nature},
  volume={560},
  number={7719},
  pages={494--498},
  year={2018},
  publisher={Nature Publishing Group}
}

@misc{rna_velo_traj,
  title={A guide to trajectory inference and RNA velocity},
  author={Weiler, Philipp and Van den Berge, Koen and Street, Kelly and Tiberi, Simone},
  journal={bioRxiv},
  year={2021},
  publisher={Cold Spring Harbor Laboratory}
}

@article{brie2,
  title={BRIE2: computational identification of splicing phenotypes from single-cell transcriptomic experiments},
  author={Huang, Yuanhua and Sanguinetti, Guido},
  journal={Genome biology},
  volume={22},
  number={1},
  pages={1--15},
  year={2021},
  publisher={BioMed Central}
}

@article{star,
  title={STAR: ultrafast universal RNA-seq aligner},
  author={Dobin, Alexander and Davis, Carrie A and Schlesinger, Felix and Drenkow, Jorg and Zaleski, Chris and Jha, Sonali and Batut, Philippe and Chaisson, Mark and Gingeras, Thomas R},
  journal={Bioinformatics},
  volume={29},
  number={1},
  pages={15--21},
  year={2013},
  publisher={Oxford University Press}
}

@article{kallisto,
  title={Modular, efficient and constant-memory single-cell RNA-seq preprocessing},
  author={Melsted, P{\'a}ll and Booeshaghi, A and Liu, Lauren and Gao, Fan and Lu, Lambda and Min, Kyung Hoi Joseph and da Veiga Beltrame, Eduardo and Hj{\"o}rleifsson, Kristj{\'a}n Eldj{\'a}rn and Gehring, Jase and Pachter, Lior},
  journal={Nature biotechnology},
  volume={39},
  number={7},
  pages={813--818},
  year={2021},
  publisher={Nature Publishing Group}
}

@article{muscat,
  title={Muscat detects subpopulation-specific state transitions from multi-sample multi-condition single-cell transcriptomics data},
  author={Crowell, Helena L and Soneson, Charlotte and Germain, Pierre-Luc and Calini, Daniela and Collin, Ludovic and Raposo, Catarina and Malhotra, Dheeraj and Robinson, Mark D},
  journal={Nature communications},
  volume={11},
  number={1},
  pages={1--12},
  year={2020},
  publisher={Nature Publishing Group}
}

@misc{distinct,
  title={distinct: a novel approach to differential distribution analyses},
  author={Tiberi, Simone and Crowell, Helena L and Weber, Lukas M and Samartsidis, Pantelis and Robinson, Mark D},
  journal={bioRxiv},
  pages={2020--11},
  year={2021},
  publisher={Cold Spring Harbor Laboratory}
}

@misc{dexseq,
  title={Detecting differential usage of exons from RNA-seq data},
  author={Anders, Simon and Reyes, Alejandro and Huber, Wolfgang},
  journal={Nature Precedings},
  pages={1--1},
  year={2012},
  publisher={Nature Publishing Group}
}

@article{swimming_downstream,
  title={Swimming downstream: statistical analysis of differential transcript usage following Salmon quantification},
  author={Love, Michael I and Soneson, Charlotte and Patro, Rob},
  journal={F1000Research},
  volume={7},
  year={2018},
  publisher={Faculty of 1000 Ltd}
}

@manual{DifferentialRegulation,
    title = {DifferentialRegulation: Differentially regulated genes from scRNA-seq data},
    author = {Simone Tiberi},
    year = {2022},
    note = {R package version 1.0.7},
    url = {https://github.com/SimoneTiberi/DifferentialRegulation},
 }
 
 @article{minnow,
	title={Minnow: a principled framework for rapid simulation of dscRNA-seq data at the read level},
	author={Sarkar, Hirak and Srivastava, Avi and Patro, Rob},
	journal={Bioinformatics},
	volume={35},
	number={14},
	pages={i136--i144},
	year={2019},
	publisher={Oxford University Press}
}