@article{mouse,
  title={Single-cell transcriptomics of the mouse kidney reveals potential cellular targets of kidney disease},
  author={Park, Jihwan and Shrestha, Rojesh and Qiu, Chengxiang and Kondo, Ayano and Huang, Shizheng and Werth, Max and Li, Mingyao and Barasch, Jonathan and Suszt{\'a}k, Katalin},
  journal={Science},
  volume={360},
  number={6390},
  pages={758--763},
  year={2018},
  publisher={American Association for the Advancement of Science}
}

@article{human,
  title={Individual brain organoids reproducibly form cell diversity of the human cerebral cortex},
  author={Velasco, Silvia and Kedaigle, Amanda J and Simmons, Sean K and Nash, Allison and Rocha, Marina and Quadrato, Giorgia and Paulsen, Bruna and Nguyen, Lan and Adiconis, Xian and Regev, Aviv and others},
  journal={Nature},
  volume={570},
  number={7762},
  pages={523--527},
  year={2019},
  publisher={Nature Publishing Group}
}
